@book{Quaschning2005,
author = {Quaschning, Volker},
edition = {1},
keywords = {renewable,solar,wind},
mendeley-tags = {renewable,solar,wind},
publisher = {Earthscan},
title = {{Understanding renewable energy systems}},
year = {2005}
}