@book{Quaschning2005,
author = {Quaschning, Volker},
edition = {1},
keywords = {renewable,solar,wind},
mendeley-tags = {renewable,solar,wind},
publisher = {Earthscan},
title = {Understanding renewable energy systems},
year = {2005}
}

@techreport{CarbonTrust2012,
author = {Carbon Trust},
file = {:C$\backslash$:/Documents and Settings/michael/My Documents/Mike Office/References/reference files/Carbon Trust 2007 - Degree Days for Energy Management - CTG004.pdf:pdf;:C$\backslash$:/Documents and Settings/michael/My Documents/Mike Office/References/reference files/Carbon Trust 2012 - ctg075-degree-days-for-energy-management.pdf:pdf},
keywords = {DD,degree days,energy management},
mendeley-tags = {DD,degree days,energy management},
pages = {22},
title = {Degree days for energy management (CTG075)},
url = {http://www.carbontrust.com/media/137002/ctg075-degree-days-for-energy-management.pdf},
year = {2012}
}

@online{SolarPositionCalculator,
  author = {NOAA},
  title = {Solar Position Calculator},
  year = {2014},
  url = {http://www.esrl.noaa.gov/gmd/grad/solcalc/azel.html
  },
  urldate = {2014-09-28}
}

@online{MCS_PV_Guide,
author = {MCS},
  title = {Guide to the installation of photovoltaic systems},
  year = {2012},
  url = {http://www.microgen-database.org.uk/uploads/34/53/34535a6ed1852e96406ec03c4a46fb2c/New_Guide_to_installlation_of_PV_systems-MCS.pdf
  },
  urldate = {2014-11-25}
}

@online{PVGIS,
author = {PVGIS},
  title = {Photovoltaic geographical information system},
  year = {2014},
  url = {http://re.jrc.ec.europa.eu/pvgis/},
  urldate = {2014-11-25}
}