@book{Quaschning2005,
author = {Quaschning, Volker},
edition = {1},
keywords = {renewable,solar,wind},
mendeley-tags = {renewable,solar,wind},
publisher = {Earthscan},
title = {Understanding renewable energy systems},
year = {2005}
}

@techreport{CarbonTrust2012,
author = {{Carbon Trust}},
file = {:C$\backslash$:/Documents and Settings/michael/My Documents/Mike Office/References/reference files/Carbon Trust 2007 - Degree Days for Energy Management - CTG004.pdf:pdf;:C$\backslash$:/Documents and Settings/michael/My Documents/Mike Office/References/reference files/Carbon Trust 2012 - ctg075-degree-days-for-energy-management.pdf:pdf},
keywords = {DD,degree days,energy management},
mendeley-tags = {DD,degree days,energy management},
pages = {22},
title = {Degree days for energy management (CTG075)},
url = {http://www.carbontrust.com/media/137002/ctg075-degree-days-for-energy-management.pdf},
year = {2012}
}

@online{SolarPositionCalculator,
  author = {NOAA},
  title = {Solar Position Calculator},
  year = {2014},
  url = {http://www.esrl.noaa.gov/gmd/grad/solcalc/azel.html},
  urldate = {2014-09-28}
}

@online{ofgem,
  author = {ofgem},
  title = {Eligibility for the non-domestic RHI},
  year = {2014},
  url = {https://www.ofgem.gov.uk/environmental-programmes/non-domestic-renewable-heat-incentive-rhi/eligibility-non-domestic-rhi},
  urldate = {2014-10-16}
}

@online{BEC,
    author = {Biomass Energy Centre},
    title = {RHI calculator tool v6.2},
    year = {2014},
    url = {http://www.biomassenergycentre.org.uk/portal/page?_pageid=73,1&_dad=portal&_schema=PORTAL},
    urldate = {2014-10-16}
}