@techreport{CarbonTrust2012,
author = {{Carbon Trust}},
file = {:C$\backslash$:/Documents and Settings/michael/My Documents/Mike Office/References/reference files/Carbon Trust 2007 - Degree Days for Energy Management - CTG004.pdf:pdf;:C$\backslash$:/Documents and Settings/michael/My Documents/Mike Office/References/reference files/Carbon Trust 2012 - ctg075-degree-days-for-energy-management.pdf:pdf},
keywords = {DD,degree days,energy management},
mendeley-tags = {DD,degree days,energy management},
pages = {22},
title = {{Degree days for energy management (CTG075)}},
url = {http://www.carbontrust.com/media/137002/ctg075-degree-days-for-energy-management.pdf},
year = {2012}
}

@misc{ECIOxfordUniversity2014,
author = {{ECI}},
keywords = {Oxford,University,academic,biodiversity,carbon,change,climate,degree days,doctoral,economy,ecosystems,education,energy,energy management,environment,environmental,food,geography,governance,graduate,impacts,institute,msc,policy,postgraduate,research,school,student,students,sustainability,sustainable,uk,undergraduate,united kingdom,water},
mendeley-tags = {degree days,energy management},
title = {{Degree days for energy management}},
url = {http://www.eci.ox.ac.uk/research/energy/degreedays.php},
urldate = {2014-08-21},
year = {2014}
}