@book{Press1986,
author = {Press, Frank and Siever, Raymond},
edition = {4},
keywords = {earth,geoogy,geophyphsics},
mendeley-tags = {earth,geoogy,geophyphsics},
publisher = {Freeman},
title = {{Earth}},
year = {1986}
}
@book{Fowler2005,
author = {Fowler, C. M. R.},
edition = {2},
keywords = {geology,geophysics,geothermal,tectonics},
mendeley-tags = {geology,geophysics,geothermal,tectonics},
publisher = {Cambridge},
title = {{The Solid Earth}},
year = {2005}
}
